@phdthesis{Erb2012,
  author = {Benjamin Erb},
  title = {Concurrent Programming for Scalable Web Architectures},
  school = {Institute of Distributed Systems, Ulm University},
  year = {2012},
  type = {Diploma Thesis},
  keywords = {web, scalability, architecture, concurrency},
  month = {April},
  number = {VS-D01-2012},
  url = {http://www.benjamin-erb.de/thesis}
} 

@article{Can08,
    author = "Bryan Cantrill, Jeff Bonwick",
    title = "Real-world CONCURRENCY",
    ee = "http://queue.acm.org/detail.cfm?id=1454462",
    journal = "ACMQueue",
    number = "5",
    pages = "17-25",
    volume = "6",
    year = "2008",
}


@article{dij71,
  title={Hierarchical ordering of sequential processes},
  author={Dijkstra, Edsger W.},
  journal={Acta informatica},
  volume={1},
  number={2},
  pages={115--138},
  year={1971},
  publisher={Springer}
}


@techreport{dij71,
  title={The F# Asynchronous Programming Model},
  author={Don Syme, Tomas Petricek, Dmitry Lomov},
  institution = {
  Microsoft Research and
  Faculty of Mathematics and Physics, Charles University in Prague, Czech Republic}
  volume={1},
  number={2},
  pages={115--138},
  year={1971},
  publisher={Springer}
}

@techreport{Jah04,
	author = {Dipl. Ing. Arch. Margit Jahn},
	title = {Deadlocks},
	institution = {Ludwig-Maximilians-Universität München},
	year = {2004},
	address = {\url{
		http://www2.tcs.ifi.lmu.de/lehre/WS04-05/Prosem/jahn.pdf
	}}
}


@techreport{Lee06,
	author = {Edward A. Lee},
	title = {The Problem with Threads},
	institution = {University of California at Berkeley},
	year = {2006},
	address = {\url{
		http://www.eecs.berkeley.edu/Pubs/TechRpts/2006/EECS-2006-1.pdf
	}}
}

@online{Pik2013,
  author = {Rob Pike},
  title = {Concurrency Is Not Parallelism},
  year = 2013,
  url = {https://vimeo.com/49718712},
  urldate = {2015-04-01}
}

@book{Mol2009,
  Author = {Ian Molyneaux},
  Title = {The Art of Application Performance Testing: Help for Programmers and Quality Assurance},
  Publisher = {O'Reilly Media},
  Year = {2009},
  ISBN = {0596520662}
}

%------------------------------------------
	Page 179
%----------------	

@book{Abbott2011,
  Author 	= {Martin L. Abbott and Michael T. Fisher},
  Title 	= {Scalability Rules: 50 Principles for Scaling Web Sites},
  Publisher = {Addison-Wesley Professional},
  Year 		= {2011},
  ISBN 		= {0321753887},
  url 		= {http://it-ebooks.info/book/1605/}
}


@article{Gul 1990,
    author = "Agha, Gul",
    title = "Concurrent Object-Oriented Programming",
    ee = "http://osl.cs.illinois.edu/media/papers/agha-1990-cacm-concurrent_object_oriented_programming.pdf",
    journal = "Commun. ACM",
    number = "9",
    pages = "125-141",
    volume = "33",
    year = "1990",
}


@techreport{Sch95,
	author = {
		Douglas C. Schmidt
	},
	title = {Reactor - An Object Behavioral Pattern for Concurrent Event Demultiplexing and Dispatching},
	institution = {Washington University},
	year = {1995},
	address = {\url{
		http://citeseerx.ist.psu.edu/viewdoc/summary?doi=10.1.1.37.9570
	}}
}

@techreport{DabMIT,
	author = {
		Frank Dabek, 
		Nickolai Zeldovich, 
		Frans Kaashoek, 
		David Mazieres, 
		Robert Morris
	},
	title = {Event-driven Programming for Robust Software},
	institution = {MIT Laboratory for Computer Science},
	address = {\url{
		http://www.scs.stanford.edu/~dm/home/papers/dabek:event.pdf
	}}
}



@techreport{Sch97,
	author = {
		Douglas C. Schmidt and
		Tim Harrison and
		Douglas C. Schmidt and
		Thomas D. Jordan
	},
	title = {Proactor - An Object Behavioral Pattern for Demultiplexing and Dispatching Handlers for Asynchronous Events},
	institution = {Washington University and Hartford University},
	year = {1997},
	address = {\url{
		http://www.cs.wustl.edu/~schmidt/PDF/proactor.pdf
	}}
}

@techreport{CZY2009,
	author = {
		Martin CZYGAN
	},
	title = {Muster für Ereignisbearbeitung – Proactor, Asynchronous Completion Token, Acceptor-Connector},
	institution = {UNIVERSITÄT LEIPZIG},
	year = {2009}
}



@website{fow04,
	author = {Martin Fowler},
	year = {2004},
	note = {
		accessed: 2015-03-23,
		\url{http://martinfowler.com/bliki/Lambda.html}		
	}
}





%------------------------------------------
	examples
%------------------------------------------
%---------------------------------------
	rfc
%---------------------------------------

@manual{oracle:multithreading,
	author    	 = {Oracle Corporation},
	title     	 = {Multithreaded Programming Guide},
	organization = {Oracle},
	address   	 = {http://docs.oracle.com/cd/E19455-01/806-5257/6je9h032b/index.html},
	note = {
		accessed: 2014-03-23		
	}
}



%---------------------------------------
	books
%---------------------------------------

@book{book:lengstorf:realtimeWebApps,
	title 	= {TEST: Realtime web apps},
	author 	= {
				J. Lengstorf and P. Leggetter
	},
	isbn 	= {9781430246206  1430246200},
	year 	= {2013},
	publisher = {Apress},
	edition = {1}
}



%---------------------------------------
	phdthesis
%---------------------------------------
@phdthesis{thesis:estep:efficientWSaSSE,
	author 	= {E. Estep},
	title 	= {TEST: Effciency and Performance of WebSockets and Server-Sent Events},
	school 	= {Aalto University},
	year 	= {2013},
	address = {\url{
		http://nordsecmob.aalto.fi/en/publications/theses2013/thesis_estep/
	}}
}



%---------------------------------------
	techreport
%---------------------------------------

@techreport{article:wsSsePerformance,
	author = {
		M. Collina and
		A. Vanelli-Coralli and
		C. Caini and
		G. E. Corazza
	},
	title = {TEST: Latency Analysis of Real-Time Web protocols over a Satellite Link},
	institution = {University of Bologna},
	year = {2013},
	address = {\url{
		http://homepages.abdn.ac.uk/r.secchi/pages/siteroot/papers/Matteo_ICSSC.pdf	
	}}
}


%-------------------------------------
	journal
%-------------------------------------

@article{article:html5:security,
	author = {
		A. Kulshrestha
	},
	title = {TEST: An Empirical Study of HTML5 Websockets and their Cross Browser Behaviour for Mixed Content and Untrusted Certificates},
	journal = {International Journal of Computer Applications},
	year = {2013},
	address = {\url{
		http://research.ijcaonline.org/volume82/number6/pxc3892221.pdf
	}}
}


%---------------------------------------
	images
%---------------------------------------

@website{image:wamp:handshake,
	author = {WAMP},
	year = {2014},
	note = {
		accessed: 2014-03-20,
		\url{https://github.com/tavendo/WAMP/blob/master/spec/basic.md}		
	}
}